@BOOK{DUMMY:BCS1,
AUTHOR="John Doe",
TITLE="The Book without Title",
PUBLISHER="Dummy Publisher",
YEAR="2100",
}

@BOOK{DUMMY:2,
AUTHOR="John poe",
TITLE="The Book without Title",
PUBLISHER="Dummy Publisher",
YEAR="2100",
}

@BOOK{dragon,
AUTHOR="Alfred V Aho and others",
TITLE="Compilers: Princliples, Techniques \& Tools (second edition)",
PUBLISHER="Pearson Education",
YEAR="2007",
}

@BOOK{assembly
AUTHOR="Duntermann Jeff",
TITLE="Assembly language step-by-step: programming with DOS and Linux"
PUBLISHER="Wiley",
YEAR="1992",
}

@inproceedings{compilerForTeachingCompilers,
author = {Baldwin, Doug},
title = {A Compiler for Teaching about Compilers},
year = {2003},
isbn = {158113648X},
publisher = {Association for Computing Machinery},
address = {New York, NY, USA},
url = {https://doi.org/10.1145/611892.611974},
doi = {10.1145/611892.611974},
abstract = {Projects in which students write a small compiler are common in compiler design courses, but even a small compiler can be daunting to students with no prior compiler-writing experience. When I recently taught compiler design, I developed a very small language with a highly modular compiler, focusing the project on implementing the core parts of a compiler without requiring students to build all the infrastructure from scratch. This paper describes the language and its compiler, and their successes (and occasional limitations) for teaching compiler design.},
booktitle = {Proceedings of the 34th SIGCSE Technical Symposium on Computer Science Education},
pages = {220–223},
numpages = {4},
keywords = {educational projects, design patterns, object oriented programming, compiler design},
location = {Reno, Navada, USA},
series = {SIGCSE '03}
}

@article{10.1145/792548.611974,
author = {Baldwin, Doug},
title = {A Compiler for Teaching about Compilers},
year = {2003},
issue_date = {January 2003},
publisher = {Association for Computing Machinery},
address = {New York, NY, USA},
volume = {35},
number = {1},
issn = {0097-8418},
url = {https://doi.org/10.1145/792548.611974},
doi = {10.1145/792548.611974},
abstract = {Projects in which students write a small compiler are common in compiler design courses, but even a small compiler can be daunting to students with no prior compiler-writing experience. When I recently taught compiler design, I developed a very small language with a highly modular compiler, focusing the project on implementing the core parts of a compiler without requiring students to build all the infrastructure from scratch. This paper describes the language and its compiler, and their successes (and occasional limitations) for teaching compiler design.},
journal = {SIGCSE Bull.},
month = jan,
pages = {220–223},
numpages = {4},
keywords = {compiler design, design patterns, object oriented programming, educational projects}
}

@inproceedings{aSetOfToolsToTeachCompilerConstruction,
author = {Demaille, Akim and others},
year = {2008},
month = {08},
pages = {68-72},
title = {A set of tools to teach compiler construction},
volume = {40},
journal = {ACM SIGCSE Bull},
doi = {10.1145/1384271.1384291}
}

@misc{assemblyHelloWorld,
author = {Fisher, James},
year = {2018},
title = {Hello world in Linux x86-64 assembly},
howpublished = {\url{https://jameshfisher.com/2018/03/10/linux-assembly-hello-world/}},
note = {Accessed: 2020-11-27}
}

@misc{johnBackus,
author = {O'Connor, J J and Roberson, E F},
year = {2016},
title = {John Warner Backus},
howpublished = {\url{https://mathshistory.st-andrews.ac.uk/Biographies/Backus/}},
note = {Accessed: 2020-11-27}
}

@misc{kenThompson,
author = {Lohr, Steve},
year = {2007},
title = {John Warner Backus},
howpublished = {\url{https://www.nytimes.com/2007/03/20/business/20backus.html}},
note = {Accessed: 2020-11-27}
}

@misc{bcs,
author="BCS",
title="BCS Code of Conduct",
howpublished = {\url{https://www.bcs.org/membership/become-a-member/bcs-code-of-conduct/}},
year={n.d.},
}

@misc{nasm,
author="NASM",
title="NASM - The Netwide Assembler",
howpublished = {\url{https://www.nasm.us/xdoc/2.15.05/html/nasmdoc1.html#section-1.1}},
year={n.d.},
}

